% Encoding: UTF-8

@Book{Fuller2009,
  title     = {Mobile Entity Localization and Tracking in {GPS}-less Environnments},
  publisher = {Springer Berlin Heidelberg},
  year      = {2009},
  editor    = {Richard Fuller and Xenofon D. Koutsoukos},
  doi       = {10.1007/978-3-642-04385-7},
}

@Article{Patwari2003,
  author    = {N. Patwari and A.O. Hero and M. Perkins and N.S. Correal and R.J. O{\textquotesingle}Dea},
  title     = {Relative location estimation in wireless sensor networks},
  journal   = {{IEEE} Transactions on Signal Processing},
  year      = {2003},
  volume    = {51},
  number    = {8},
  pages     = {2137--2148},
  month     = {aug},
  doi       = {10.1109/tsp.2003.814469},
  publisher = {Institute of Electrical and Electronics Engineers ({IEEE})},
}

@Article{Xiang2004,
  author    = {Z. Xiang and S. Song and J. Chen and H. Wang and J. Huang and X. Gao},
  title     = {A wireless {LAN}-based indoor positioning technology},
  journal   = {{IBM} Journal of Research and Development},
  year      = {2004},
  volume    = {48},
  number    = {5.6},
  pages     = {617--626},
  month     = {sep},
  doi       = {10.1147/rd.485.0617},
  publisher = {{IBM}},
}

@Comment{jabref-meta: databaseType:bibtex;}
